%http://www.felixcloutier.com/x86/POP.html -> ref mnémoniques
%http://www.felixcloutier.com/x86/POP.html -> ref mnémoniques
% Intel® 64 and IA-32 Architectures Developer's Manual: Vol. 2A & 2B - www.lulu.com/spotlight/IntelSDM (hardcover)

@book{systems,
title={The architecture of computer hardware and systems software},
author={Englander, I.},
publisher={Wiley},
year={2003}
}

@book{concepts,
title={Concepts fondamentaux de l'informatique},
author={Aho, H. and Ullman, J.},
publisher={Dunod, Paris},
year={1996}
}

@Book{sivarama,
author = {Dandamudi, Sivarama P.},
title = {\foreignlanguage{english}{Guide to Assembly Language 
Programming in Linux}},
publisher = {Springer Science+Business Media, Inc.},
year = {2005}
}

@Manual{intelComplet,
title = {\foreignlanguage{english}{
Intel\up{\copyright} 64 and IA-32 Architectures 
Software Developer's Manual, Combined Volumes: 
1, 2A, 2B, 2C, 3A, 3B and 3C}},
publisher={Intel Corporation},
month = {janvier},
year = {2013},
}

@Manual{intelVol1,
title = {\foreignlanguage{english}{
Intel\up{\copyright} 64 and IA-32 Architectures 
Software Developer's Manual, Volume 1: Basic Architecture}},
publisher={Intel Corporation},
month = {janvier},
year = {2011}
}

@Manual{intelVol2A,
title = {\foreignlanguage{english}{
Intel\up{\copyright} 64 and IA-32 Architectures
Software Developer's Manual, Volume 2A:
Instruction Set Reference, A-M}},
publisher={Intel Corporation},
month = {janvier},
year = {2011}
}

@Manual{intelVol2B,
title = {\foreignlanguage{english}{
Intel\up{\copyright} 64 and IA-32 Architectures
Software Developer's Manual, Volume 2B:
Instruction Set Reference, N-Z}},
publisher={Intel Corporation},
month = {janvier},
year = {2011}
}

@Manual{intelVol3A,
title = {\foreignlanguage{english}{
Intel\up{\copyright} 64 and IA-32 Architectures
Software Developer's Manual, Volume 3A:
System Programming Guide, Part 1}},
publisher={Intel Corporation},
month = {janvier},
year = {2011}
}

@Manual{intelVol3B,
title = {\foreignlanguage{english}{
Intel\up{\copyright} 64 and IA-32 Architectures
Software Developer's Manual, Volume 3B:
System Programming Guide, Part 2}},
publisher={Intel Corporation},
month = {janvier},
year = {2011}
}

@Unpublished{carter,
author = {Carter, Paul A.},
title = {Langage Assembleur PC},
note = {\url{http://www.drpaulcarter.com/pcasm/}},
month = {mars},
year = {2005}
}

@Unpublished{carter_function,
author = {Carter, Paul A.},
title = {Langage Assembleur PC},
note = {\url{http://www.drpaulcarter.com/pcasm/} 
			(sections 4.4, 4.5 et 4.6)},
month = {mars},
year = {2005}
}

@Unpublished{carter_intro,
author = {Carter, Paul A.},
title = {Langage Assembleur PC},
note = {\url{http://www.drpaulcarter.com/pcasm/} 
			(chapitre 1)},
month = {mars},
year = {2005}
}

@Unpublished{carter_logique_bit,
author = {Carter, Paul A.},
title = {Langage Assembleur PC},
note = {\url{http://www.drpaulcarter.com/pcasm/} 
			(section 3.2)},
month = {mars},
year = {2005}
}

@Unpublished{carter_saut_si_sinon,
author = {Carter, Paul A.},
title = {Langage Assembleur PC},
note = {\url{http://www.drpaulcarter.com/pcasm/} 
			(sections 2.2.2 et 2.3.1)},
month = {mars},
year = {2005}
}

@Unpublished{carter_boucle,
author = {Carter, Paul A.},
title = {Langage Assembleur PC},
note = {\url{http://www.drpaulcarter.com/pcasm/} 
			(sections 2.3.2 et 2.3.3)},
month = {mars},
year = {2005}
}

@Unpublished{carter_pile_varLoc,
author = {Carter, Paul A.},
title = {Langage Assembleur PC},
note = {\url{http://www.drpaulcarter.com/pcasm/} 
			(sections 4.3, 4.5.2 et 4.7.4)},
month = {mars},
year = {2005}
}

@Unpublished{carter_pile_varLoc_fonction,
author = {Carter, Paul A.},
title = {Langage Assembleur PC},
note = {\url{http://www.drpaulcarter.com/pcasm/} 
			(sections 4.3, 4.4, 4.5, 4.5.2, 4.6 et 4.7.4)},
month = {mars},
year = {2005}
}

@Unpublished{carter_variables_tableaux,
author = {Carter, Paul A.},
title = {Langage Assembleur PC},
note = {\url{http://www.drpaulcarter.com/pcasm/} 
			(section 1.4.1 et chapitre 5)},
month = {mars},
year = {2005}
}

@misc{redacsci,
	title={Élments de rédaction scientifique en informatique},
	author={Mélot, H.},
	yearh={2011},
	note={\url{http://informatique.umons.ac.be/algo/redacSci.pdf} - Consulté le \today}
}